%YAML 1.1
%TAG !u! tag:unity3d.com,2011:
--- !u!1 &4109000939091749515
GameObject:
  m_ObjectHideFlags: 0
  m_CorrespondingSourceObject: {fileID: 0}
  m_PrefabInstance: {fileID: 0}
  m_PrefabAsset: {fileID: 0}
  serializedVersion: 6
  m_Component:
  - component: {fileID: 4109000939091749512}
  - component: {fileID: 4109000939091749518}
  - component: {fileID: 4109000939091749513}
  m_Layer: 5
  m_Name: Limit3
  m_TagString: Untagged
  m_Icon: {fileID: 0}
  m_NavMeshLayer: 0
  m_StaticEditorFlags: 0
  m_IsActive: 1
--- !u!224 &4109000939091749512
RectTransform:
  m_ObjectHideFlags: 0
  m_CorrespondingSourceObject: {fileID: 0}
  m_PrefabInstance: {fileID: 0}
  m_PrefabAsset: {fileID: 0}
  m_GameObject: {fileID: 4109000939091749515}
  m_LocalRotation: {x: 0, y: 0, z: 0, w: 1}
  m_LocalPosition: {x: 0, y: 0, z: 0}
  m_LocalScale: {x: 1, y: 1, z: 1}
  m_Children:
  - {fileID: 5828135049598101715}
  - {fileID: 4638046476921345747}
  - {fileID: 2250269689336182999}
  - {fileID: 421841261708171105}
  - {fileID: 3073329603521226609}
  - {fileID: 3662356103917457241}
  - {fileID: 4291613139144554791}
  - {fileID: 5139171734038180315}
  - {fileID: 1973390600804235680}
  - {fileID: 1834267354065920054}
  m_Father: {fileID: 0}
  m_RootOrder: 0
  m_LocalEulerAnglesHint: {x: 0, y: 0, z: 0}
  m_AnchorMin: {x: 0.5, y: 0.5}
  m_AnchorMax: {x: 0.5, y: 0.5}
  m_AnchoredPosition: {x: 0, y: 0}
  m_SizeDelta: {x: 100, y: 100}
  m_Pivot: {x: 0.5, y: 0.5}
--- !u!222 &4109000939091749518
CanvasRenderer:
  m_ObjectHideFlags: 0
  m_CorrespondingSourceObject: {fileID: 0}
  m_PrefabInstance: {fileID: 0}
  m_PrefabAsset: {fileID: 0}
  m_GameObject: {fileID: 4109000939091749515}
  m_CullTransparentMesh: 1
--- !u!114 &4109000939091749513
MonoBehaviour:
  m_ObjectHideFlags: 0
  m_CorrespondingSourceObject: {fileID: 0}
  m_PrefabInstance: {fileID: 0}
  m_PrefabAsset: {fileID: 0}
  m_GameObject: {fileID: 4109000939091749515}
  m_Enabled: 1
  m_EditorHideFlags: 0
  m_Script: {fileID: 11500000, guid: fe87c0e1cc204ed48ad3b37840f39efc, type: 3}
  m_Name: 
  m_EditorClassIdentifier: 
  m_Material: {fileID: 0}
  m_Color: {r: 1, g: 1, b: 1, a: 0}
  m_RaycastTarget: 1
  m_RaycastPadding: {x: 0, y: 0, z: 0, w: 0}
  m_Maskable: 1
  m_OnCullStateChanged:
    m_PersistentCalls:
      m_Calls: []
  m_Sprite: {fileID: 0}
  m_Type: 0
  m_PreserveAspect: 0
  m_FillCenter: 1
  m_FillMethod: 4
  m_FillAmount: 1
  m_FillClockwise: 1
  m_FillOrigin: 0
  m_UseSpriteMesh: 0
  m_PixelsPerUnitMultiplier: 1
--- !u!1001 &4109000937363513483
PrefabInstance:
  m_ObjectHideFlags: 0
  serializedVersion: 2
  m_Modification:
    m_TransformParent: {fileID: 4109000939091749512}
    m_Modifications:
    - target: {fileID: 2478385927639750955, guid: 3dad44fdccdbf874d9fe1699f392556d, type: 3}
      propertyPath: m_Pivot.x
      value: 0.5
      objectReference: {fileID: 0}
    - target: {fileID: 2478385927639750955, guid: 3dad44fdccdbf874d9fe1699f392556d, type: 3}
      propertyPath: m_Pivot.y
      value: 0.5
      objectReference: {fileID: 0}
    - target: {fileID: 2478385927639750955, guid: 3dad44fdccdbf874d9fe1699f392556d, type: 3}
      propertyPath: m_RootOrder
      value: 8
      objectReference: {fileID: 0}
    - target: {fileID: 2478385927639750955, guid: 3dad44fdccdbf874d9fe1699f392556d, type: 3}
      propertyPath: m_AnchorMax.x
      value: 0
      objectReference: {fileID: 0}
    - target: {fileID: 2478385927639750955, guid: 3dad44fdccdbf874d9fe1699f392556d, type: 3}
      propertyPath: m_AnchorMax.y
      value: 1
      objectReference: {fileID: 0}
    - target: {fileID: 2478385927639750955, guid: 3dad44fdccdbf874d9fe1699f392556d, type: 3}
      propertyPath: m_AnchorMin.x
      value: 0
      objectReference: {fileID: 0}
    - target: {fileID: 2478385927639750955, guid: 3dad44fdccdbf874d9fe1699f392556d, type: 3}
      propertyPath: m_AnchorMin.y
      value: 1
      objectReference: {fileID: 0}
    - target: {fileID: 2478385927639750955, guid: 3dad44fdccdbf874d9fe1699f392556d, type: 3}
      propertyPath: m_SizeDelta.x
      value: 24.6484
      objectReference: {fileID: 0}
    - target: {fileID: 2478385927639750955, guid: 3dad44fdccdbf874d9fe1699f392556d, type: 3}
      propertyPath: m_SizeDelta.y
      value: 36.0246
      objectReference: {fileID: 0}
    - target: {fileID: 2478385927639750955, guid: 3dad44fdccdbf874d9fe1699f392556d, type: 3}
      propertyPath: m_LocalPosition.x
      value: 0
      objectReference: {fileID: 0}
    - target: {fileID: 2478385927639750955, guid: 3dad44fdccdbf874d9fe1699f392556d, type: 3}
      propertyPath: m_LocalPosition.y
      value: 0
      objectReference: {fileID: 0}
    - target: {fileID: 2478385927639750955, guid: 3dad44fdccdbf874d9fe1699f392556d, type: 3}
      propertyPath: m_LocalPosition.z
      value: 0
      objectReference: {fileID: 0}
    - target: {fileID: 2478385927639750955, guid: 3dad44fdccdbf874d9fe1699f392556d, type: 3}
      propertyPath: m_LocalRotation.w
      value: 1
      objectReference: {fileID: 0}
    - target: {fileID: 2478385927639750955, guid: 3dad44fdccdbf874d9fe1699f392556d, type: 3}
      propertyPath: m_LocalRotation.x
      value: -0
      objectReference: {fileID: 0}
    - target: {fileID: 2478385927639750955, guid: 3dad44fdccdbf874d9fe1699f392556d, type: 3}
      propertyPath: m_LocalRotation.y
      value: -0
      objectReference: {fileID: 0}
    - target: {fileID: 2478385927639750955, guid: 3dad44fdccdbf874d9fe1699f392556d, type: 3}
      propertyPath: m_LocalRotation.z
      value: -0
      objectReference: {fileID: 0}
    - target: {fileID: 2478385927639750955, guid: 3dad44fdccdbf874d9fe1699f392556d, type: 3}
      propertyPath: m_AnchoredPosition.x
      value: -636.6
      objectReference: {fileID: 0}
    - target: {fileID: 2478385927639750955, guid: 3dad44fdccdbf874d9fe1699f392556d, type: 3}
      propertyPath: m_AnchoredPosition.y
      value: 364.7
      objectReference: {fileID: 0}
    - target: {fileID: 2478385927639750955, guid: 3dad44fdccdbf874d9fe1699f392556d, type: 3}
      propertyPath: m_LocalEulerAnglesHint.x
      value: 0
      objectReference: {fileID: 0}
    - target: {fileID: 2478385927639750955, guid: 3dad44fdccdbf874d9fe1699f392556d, type: 3}
      propertyPath: m_LocalEulerAnglesHint.y
      value: 0
      objectReference: {fileID: 0}
    - target: {fileID: 2478385927639750955, guid: 3dad44fdccdbf874d9fe1699f392556d, type: 3}
      propertyPath: m_LocalEulerAnglesHint.z
      value: 0
      objectReference: {fileID: 0}
    - target: {fileID: 6021536099435036503, guid: 3dad44fdccdbf874d9fe1699f392556d, type: 3}
      propertyPath: m_Name
      value: Limit28
      objectReference: {fileID: 0}
    - target: {fileID: 6021536099435036503, guid: 3dad44fdccdbf874d9fe1699f392556d, type: 3}
      propertyPath: m_IsActive
      value: 1
      objectReference: {fileID: 0}
    m_RemovedComponents: []
  m_SourcePrefab: {fileID: 100100000, guid: 3dad44fdccdbf874d9fe1699f392556d, type: 3}
--- !u!224 &1973390600804235680 stripped
RectTransform:
  m_CorrespondingSourceObject: {fileID: 2478385927639750955, guid: 3dad44fdccdbf874d9fe1699f392556d, type: 3}
  m_PrefabInstance: {fileID: 4109000937363513483}
  m_PrefabAsset: {fileID: 0}
--- !u!1001 &4109000937420805542
PrefabInstance:
  m_ObjectHideFlags: 0
  serializedVersion: 2
  m_Modification:
    m_TransformParent: {fileID: 4109000939091749512}
    m_Modifications:
    - target: {fileID: 2338136652062864784, guid: bfd122232d81ded4cad610b3c67a1bbd, type: 3}
      propertyPath: m_Pivot.x
      value: 0.5
      objectReference: {fileID: 0}
    - target: {fileID: 2338136652062864784, guid: bfd122232d81ded4cad610b3c67a1bbd, type: 3}
      propertyPath: m_Pivot.y
      value: 0.5
      objectReference: {fileID: 0}
    - target: {fileID: 2338136652062864784, guid: bfd122232d81ded4cad610b3c67a1bbd, type: 3}
      propertyPath: m_RootOrder
      value: 9
      objectReference: {fileID: 0}
    - target: {fileID: 2338136652062864784, guid: bfd122232d81ded4cad610b3c67a1bbd, type: 3}
      propertyPath: m_AnchorMax.x
      value: 0
      objectReference: {fileID: 0}
    - target: {fileID: 2338136652062864784, guid: bfd122232d81ded4cad610b3c67a1bbd, type: 3}
      propertyPath: m_AnchorMax.y
      value: 1
      objectReference: {fileID: 0}
    - target: {fileID: 2338136652062864784, guid: bfd122232d81ded4cad610b3c67a1bbd, type: 3}
      propertyPath: m_AnchorMin.x
      value: 0
      objectReference: {fileID: 0}
    - target: {fileID: 2338136652062864784, guid: bfd122232d81ded4cad610b3c67a1bbd, type: 3}
      propertyPath: m_AnchorMin.y
      value: 1
      objectReference: {fileID: 0}
    - target: {fileID: 2338136652062864784, guid: bfd122232d81ded4cad610b3c67a1bbd, type: 3}
      propertyPath: m_SizeDelta.x
      value: 24.6484
      objectReference: {fileID: 0}
    - target: {fileID: 2338136652062864784, guid: bfd122232d81ded4cad610b3c67a1bbd, type: 3}
      propertyPath: m_SizeDelta.y
      value: 36.0246
      objectReference: {fileID: 0}
    - target: {fileID: 2338136652062864784, guid: bfd122232d81ded4cad610b3c67a1bbd, type: 3}
      propertyPath: m_LocalPosition.x
      value: 0
      objectReference: {fileID: 0}
    - target: {fileID: 2338136652062864784, guid: bfd122232d81ded4cad610b3c67a1bbd, type: 3}
      propertyPath: m_LocalPosition.y
      value: 0
      objectReference: {fileID: 0}
    - target: {fileID: 2338136652062864784, guid: bfd122232d81ded4cad610b3c67a1bbd, type: 3}
      propertyPath: m_LocalPosition.z
      value: 0
      objectReference: {fileID: 0}
    - target: {fileID: 2338136652062864784, guid: bfd122232d81ded4cad610b3c67a1bbd, type: 3}
      propertyPath: m_LocalRotation.w
      value: 1
      objectReference: {fileID: 0}
    - target: {fileID: 2338136652062864784, guid: bfd122232d81ded4cad610b3c67a1bbd, type: 3}
      propertyPath: m_LocalRotation.x
      value: -0
      objectReference: {fileID: 0}
    - target: {fileID: 2338136652062864784, guid: bfd122232d81ded4cad610b3c67a1bbd, type: 3}
      propertyPath: m_LocalRotation.y
      value: -0
      objectReference: {fileID: 0}
    - target: {fileID: 2338136652062864784, guid: bfd122232d81ded4cad610b3c67a1bbd, type: 3}
      propertyPath: m_LocalRotation.z
      value: -0
      objectReference: {fileID: 0}
    - target: {fileID: 2338136652062864784, guid: bfd122232d81ded4cad610b3c67a1bbd, type: 3}
      propertyPath: m_AnchoredPosition.x
      value: -636.6
      objectReference: {fileID: 0}
    - target: {fileID: 2338136652062864784, guid: bfd122232d81ded4cad610b3c67a1bbd, type: 3}
      propertyPath: m_AnchoredPosition.y
      value: 364.7
      objectReference: {fileID: 0}
    - target: {fileID: 2338136652062864784, guid: bfd122232d81ded4cad610b3c67a1bbd, type: 3}
      propertyPath: m_LocalEulerAnglesHint.x
      value: 0
      objectReference: {fileID: 0}
    - target: {fileID: 2338136652062864784, guid: bfd122232d81ded4cad610b3c67a1bbd, type: 3}
      propertyPath: m_LocalEulerAnglesHint.y
      value: 0
      objectReference: {fileID: 0}
    - target: {fileID: 2338136652062864784, guid: bfd122232d81ded4cad610b3c67a1bbd, type: 3}
      propertyPath: m_LocalEulerAnglesHint.z
      value: 0
      objectReference: {fileID: 0}
    - target: {fileID: 2813540614886801350, guid: bfd122232d81ded4cad610b3c67a1bbd, type: 3}
      propertyPath: m_Name
      value: Limit29
      objectReference: {fileID: 0}
    - target: {fileID: 2813540614886801350, guid: bfd122232d81ded4cad610b3c67a1bbd, type: 3}
      propertyPath: m_IsActive
      value: 1
      objectReference: {fileID: 0}
    m_RemovedComponents: []
  m_SourcePrefab: {fileID: 100100000, guid: bfd122232d81ded4cad610b3c67a1bbd, type: 3}
--- !u!224 &1834267354065920054 stripped
RectTransform:
  m_CorrespondingSourceObject: {fileID: 2338136652062864784, guid: bfd122232d81ded4cad610b3c67a1bbd, type: 3}
  m_PrefabInstance: {fileID: 4109000937420805542}
  m_PrefabAsset: {fileID: 0}
--- !u!1001 &4109000937433755005
PrefabInstance:
  m_ObjectHideFlags: 0
  serializedVersion: 2
  m_Modification:
    m_TransformParent: {fileID: 4109000939091749512}
    m_Modifications:
    - target: {fileID: 9102931411386408102, guid: 9970e38d65be6a6438aae5327c940312, type: 3}
      propertyPath: m_Pivot.x
      value: 0.5
      objectReference: {fileID: 0}
    - target: {fileID: 9102931411386408102, guid: 9970e38d65be6a6438aae5327c940312, type: 3}
      propertyPath: m_Pivot.y
      value: 0.5
      objectReference: {fileID: 0}
    - target: {fileID: 9102931411386408102, guid: 9970e38d65be6a6438aae5327c940312, type: 3}
      propertyPath: m_RootOrder
      value: 7
      objectReference: {fileID: 0}
    - target: {fileID: 9102931411386408102, guid: 9970e38d65be6a6438aae5327c940312, type: 3}
      propertyPath: m_AnchorMax.x
      value: 0
      objectReference: {fileID: 0}
    - target: {fileID: 9102931411386408102, guid: 9970e38d65be6a6438aae5327c940312, type: 3}
      propertyPath: m_AnchorMax.y
      value: 1
      objectReference: {fileID: 0}
    - target: {fileID: 9102931411386408102, guid: 9970e38d65be6a6438aae5327c940312, type: 3}
      propertyPath: m_AnchorMin.x
      value: 0
      objectReference: {fileID: 0}
    - target: {fileID: 9102931411386408102, guid: 9970e38d65be6a6438aae5327c940312, type: 3}
      propertyPath: m_AnchorMin.y
      value: 1
      objectReference: {fileID: 0}
    - target: {fileID: 9102931411386408102, guid: 9970e38d65be6a6438aae5327c940312, type: 3}
      propertyPath: m_SizeDelta.x
      value: 24.6484
      objectReference: {fileID: 0}
    - target: {fileID: 9102931411386408102, guid: 9970e38d65be6a6438aae5327c940312, type: 3}
      propertyPath: m_SizeDelta.y
      value: 36.0246
      objectReference: {fileID: 0}
    - target: {fileID: 9102931411386408102, guid: 9970e38d65be6a6438aae5327c940312, type: 3}
      propertyPath: m_LocalPosition.x
      value: 0
      objectReference: {fileID: 0}
    - target: {fileID: 9102931411386408102, guid: 9970e38d65be6a6438aae5327c940312, type: 3}
      propertyPath: m_LocalPosition.y
      value: 0
      objectReference: {fileID: 0}
    - target: {fileID: 9102931411386408102, guid: 9970e38d65be6a6438aae5327c940312, type: 3}
      propertyPath: m_LocalPosition.z
      value: 0
      objectReference: {fileID: 0}
    - target: {fileID: 9102931411386408102, guid: 9970e38d65be6a6438aae5327c940312, type: 3}
      propertyPath: m_LocalRotation.w
      value: 1
      objectReference: {fileID: 0}
    - target: {fileID: 9102931411386408102, guid: 9970e38d65be6a6438aae5327c940312, type: 3}
      propertyPath: m_LocalRotation.x
      value: -0
      objectReference: {fileID: 0}
    - target: {fileID: 9102931411386408102, guid: 9970e38d65be6a6438aae5327c940312, type: 3}
      propertyPath: m_LocalRotation.y
      value: -0
      objectReference: {fileID: 0}
    - target: {fileID: 9102931411386408102, guid: 9970e38d65be6a6438aae5327c940312, type: 3}
      propertyPath: m_LocalRotation.z
      value: -0
      objectReference: {fileID: 0}
    - target: {fileID: 9102931411386408102, guid: 9970e38d65be6a6438aae5327c940312, type: 3}
      propertyPath: m_AnchoredPosition.x
      value: -636.6
      objectReference: {fileID: 0}
    - target: {fileID: 9102931411386408102, guid: 9970e38d65be6a6438aae5327c940312, type: 3}
      propertyPath: m_AnchoredPosition.y
      value: 364.7
      objectReference: {fileID: 0}
    - target: {fileID: 9102931411386408102, guid: 9970e38d65be6a6438aae5327c940312, type: 3}
      propertyPath: m_LocalEulerAnglesHint.x
      value: 0
      objectReference: {fileID: 0}
    - target: {fileID: 9102931411386408102, guid: 9970e38d65be6a6438aae5327c940312, type: 3}
      propertyPath: m_LocalEulerAnglesHint.y
      value: 0
      objectReference: {fileID: 0}
    - target: {fileID: 9102931411386408102, guid: 9970e38d65be6a6438aae5327c940312, type: 3}
      propertyPath: m_LocalEulerAnglesHint.z
      value: 0
      objectReference: {fileID: 0}
    - target: {fileID: 9127472565395041043, guid: 9970e38d65be6a6438aae5327c940312, type: 3}
      propertyPath: m_Name
      value: Limit27
      objectReference: {fileID: 0}
    - target: {fileID: 9127472565395041043, guid: 9970e38d65be6a6438aae5327c940312, type: 3}
      propertyPath: m_IsActive
      value: 1
      objectReference: {fileID: 0}
    m_RemovedComponents: []
  m_SourcePrefab: {fileID: 100100000, guid: 9970e38d65be6a6438aae5327c940312, type: 3}
--- !u!224 &5139171734038180315 stripped
RectTransform:
  m_CorrespondingSourceObject: {fileID: 9102931411386408102, guid: 9970e38d65be6a6438aae5327c940312, type: 3}
  m_PrefabInstance: {fileID: 4109000937433755005}
  m_PrefabAsset: {fileID: 0}
--- !u!1001 &4109000937737756755
PrefabInstance:
  m_ObjectHideFlags: 0
  serializedVersion: 2
  m_Modification:
    m_TransformParent: {fileID: 4109000939091749512}
    m_Modifications:
    - target: {fileID: 1414326445492668194, guid: e0a3d877ac00ff64d95b01479347c20d, type: 3}
      propertyPath: m_Pivot.x
      value: 0.5
      objectReference: {fileID: 0}
    - target: {fileID: 1414326445492668194, guid: e0a3d877ac00ff64d95b01479347c20d, type: 3}
      propertyPath: m_Pivot.y
      value: 0.5
      objectReference: {fileID: 0}
    - target: {fileID: 1414326445492668194, guid: e0a3d877ac00ff64d95b01479347c20d, type: 3}
      propertyPath: m_RootOrder
      value: 4
      objectReference: {fileID: 0}
    - target: {fileID: 1414326445492668194, guid: e0a3d877ac00ff64d95b01479347c20d, type: 3}
      propertyPath: m_AnchorMax.x
      value: 0
      objectReference: {fileID: 0}
    - target: {fileID: 1414326445492668194, guid: e0a3d877ac00ff64d95b01479347c20d, type: 3}
      propertyPath: m_AnchorMax.y
      value: 1
      objectReference: {fileID: 0}
    - target: {fileID: 1414326445492668194, guid: e0a3d877ac00ff64d95b01479347c20d, type: 3}
      propertyPath: m_AnchorMin.x
      value: 0
      objectReference: {fileID: 0}
    - target: {fileID: 1414326445492668194, guid: e0a3d877ac00ff64d95b01479347c20d, type: 3}
      propertyPath: m_AnchorMin.y
      value: 1
      objectReference: {fileID: 0}
    - target: {fileID: 1414326445492668194, guid: e0a3d877ac00ff64d95b01479347c20d, type: 3}
      propertyPath: m_SizeDelta.x
      value: 24.6484
      objectReference: {fileID: 0}
    - target: {fileID: 1414326445492668194, guid: e0a3d877ac00ff64d95b01479347c20d, type: 3}
      propertyPath: m_SizeDelta.y
      value: 36.0246
      objectReference: {fileID: 0}
    - target: {fileID: 1414326445492668194, guid: e0a3d877ac00ff64d95b01479347c20d, type: 3}
      propertyPath: m_LocalPosition.x
      value: 0
      objectReference: {fileID: 0}
    - target: {fileID: 1414326445492668194, guid: e0a3d877ac00ff64d95b01479347c20d, type: 3}
      propertyPath: m_LocalPosition.y
      value: 0
      objectReference: {fileID: 0}
    - target: {fileID: 1414326445492668194, guid: e0a3d877ac00ff64d95b01479347c20d, type: 3}
      propertyPath: m_LocalPosition.z
      value: 0
      objectReference: {fileID: 0}
    - target: {fileID: 1414326445492668194, guid: e0a3d877ac00ff64d95b01479347c20d, type: 3}
      propertyPath: m_LocalRotation.w
      value: 1
      objectReference: {fileID: 0}
    - target: {fileID: 1414326445492668194, guid: e0a3d877ac00ff64d95b01479347c20d, type: 3}
      propertyPath: m_LocalRotation.x
      value: -0
      objectReference: {fileID: 0}
    - target: {fileID: 1414326445492668194, guid: e0a3d877ac00ff64d95b01479347c20d, type: 3}
      propertyPath: m_LocalRotation.y
      value: -0
      objectReference: {fileID: 0}
    - target: {fileID: 1414326445492668194, guid: e0a3d877ac00ff64d95b01479347c20d, type: 3}
      propertyPath: m_LocalRotation.z
      value: -0
      objectReference: {fileID: 0}
    - target: {fileID: 1414326445492668194, guid: e0a3d877ac00ff64d95b01479347c20d, type: 3}
      propertyPath: m_AnchoredPosition.x
      value: -636.6
      objectReference: {fileID: 0}
    - target: {fileID: 1414326445492668194, guid: e0a3d877ac00ff64d95b01479347c20d, type: 3}
      propertyPath: m_AnchoredPosition.y
      value: 364.7
      objectReference: {fileID: 0}
    - target: {fileID: 1414326445492668194, guid: e0a3d877ac00ff64d95b01479347c20d, type: 3}
      propertyPath: m_LocalEulerAnglesHint.x
      value: 0
      objectReference: {fileID: 0}
    - target: {fileID: 1414326445492668194, guid: e0a3d877ac00ff64d95b01479347c20d, type: 3}
      propertyPath: m_LocalEulerAnglesHint.y
      value: 0
      objectReference: {fileID: 0}
    - target: {fileID: 1414326445492668194, guid: e0a3d877ac00ff64d95b01479347c20d, type: 3}
      propertyPath: m_LocalEulerAnglesHint.z
      value: 0
      objectReference: {fileID: 0}
    - target: {fileID: 4068038612821935505, guid: e0a3d877ac00ff64d95b01479347c20d, type: 3}
      propertyPath: m_Name
      value: Limit24
      objectReference: {fileID: 0}
    - target: {fileID: 4068038612821935505, guid: e0a3d877ac00ff64d95b01479347c20d, type: 3}
      propertyPath: m_IsActive
      value: 1
      objectReference: {fileID: 0}
    m_RemovedComponents: []
  m_SourcePrefab: {fileID: 100100000, guid: e0a3d877ac00ff64d95b01479347c20d, type: 3}
--- !u!224 &3073329603521226609 stripped
RectTransform:
  m_CorrespondingSourceObject: {fileID: 1414326445492668194, guid: e0a3d877ac00ff64d95b01479347c20d, type: 3}
  m_PrefabInstance: {fileID: 4109000937737756755}
  m_PrefabAsset: {fileID: 0}
--- !u!1001 &4109000938074351851
PrefabInstance:
  m_ObjectHideFlags: 0
  serializedVersion: 2
  m_Modification:
    m_TransformParent: {fileID: 4109000939091749512}
    m_Modifications:
    - target: {fileID: 68448860343778963, guid: e5d833b3b7c01094bb4740fa007d9748, type: 3}
      propertyPath: m_Name
      value: Limit26
      objectReference: {fileID: 0}
    - target: {fileID: 68448860343778963, guid: e5d833b3b7c01094bb4740fa007d9748, type: 3}
      propertyPath: m_IsActive
      value: 1
      objectReference: {fileID: 0}
    - target: {fileID: 182613473978945996, guid: e5d833b3b7c01094bb4740fa007d9748, type: 3}
      propertyPath: m_Pivot.x
      value: 0.5
      objectReference: {fileID: 0}
    - target: {fileID: 182613473978945996, guid: e5d833b3b7c01094bb4740fa007d9748, type: 3}
      propertyPath: m_Pivot.y
      value: 0.5
      objectReference: {fileID: 0}
    - target: {fileID: 182613473978945996, guid: e5d833b3b7c01094bb4740fa007d9748, type: 3}
      propertyPath: m_RootOrder
      value: 6
      objectReference: {fileID: 0}
    - target: {fileID: 182613473978945996, guid: e5d833b3b7c01094bb4740fa007d9748, type: 3}
      propertyPath: m_AnchorMax.x
      value: 0
      objectReference: {fileID: 0}
    - target: {fileID: 182613473978945996, guid: e5d833b3b7c01094bb4740fa007d9748, type: 3}
      propertyPath: m_AnchorMax.y
      value: 1
      objectReference: {fileID: 0}
    - target: {fileID: 182613473978945996, guid: e5d833b3b7c01094bb4740fa007d9748, type: 3}
      propertyPath: m_AnchorMin.x
      value: 0
      objectReference: {fileID: 0}
    - target: {fileID: 182613473978945996, guid: e5d833b3b7c01094bb4740fa007d9748, type: 3}
      propertyPath: m_AnchorMin.y
      value: 1
      objectReference: {fileID: 0}
    - target: {fileID: 182613473978945996, guid: e5d833b3b7c01094bb4740fa007d9748, type: 3}
      propertyPath: m_SizeDelta.x
      value: 24.6484
      objectReference: {fileID: 0}
    - target: {fileID: 182613473978945996, guid: e5d833b3b7c01094bb4740fa007d9748, type: 3}
      propertyPath: m_SizeDelta.y
      value: 36.0246
      objectReference: {fileID: 0}
    - target: {fileID: 182613473978945996, guid: e5d833b3b7c01094bb4740fa007d9748, type: 3}
      propertyPath: m_LocalPosition.x
      value: 0
      objectReference: {fileID: 0}
    - target: {fileID: 182613473978945996, guid: e5d833b3b7c01094bb4740fa007d9748, type: 3}
      propertyPath: m_LocalPosition.y
      value: 0
      objectReference: {fileID: 0}
    - target: {fileID: 182613473978945996, guid: e5d833b3b7c01094bb4740fa007d9748, type: 3}
      propertyPath: m_LocalPosition.z
      value: 0
      objectReference: {fileID: 0}
    - target: {fileID: 182613473978945996, guid: e5d833b3b7c01094bb4740fa007d9748, type: 3}
      propertyPath: m_LocalRotation.w
      value: 1
      objectReference: {fileID: 0}
    - target: {fileID: 182613473978945996, guid: e5d833b3b7c01094bb4740fa007d9748, type: 3}
      propertyPath: m_LocalRotation.x
      value: -0
      objectReference: {fileID: 0}
    - target: {fileID: 182613473978945996, guid: e5d833b3b7c01094bb4740fa007d9748, type: 3}
      propertyPath: m_LocalRotation.y
      value: -0
      objectReference: {fileID: 0}
    - target: {fileID: 182613473978945996, guid: e5d833b3b7c01094bb4740fa007d9748, type: 3}
      propertyPath: m_LocalRotation.z
      value: -0
      objectReference: {fileID: 0}
    - target: {fileID: 182613473978945996, guid: e5d833b3b7c01094bb4740fa007d9748, type: 3}
      propertyPath: m_AnchoredPosition.x
      value: -636.6
      objectReference: {fileID: 0}
    - target: {fileID: 182613473978945996, guid: e5d833b3b7c01094bb4740fa007d9748, type: 3}
      propertyPath: m_AnchoredPosition.y
      value: 364.7
      objectReference: {fileID: 0}
    - target: {fileID: 182613473978945996, guid: e5d833b3b7c01094bb4740fa007d9748, type: 3}
      propertyPath: m_LocalEulerAnglesHint.x
      value: 0
      objectReference: {fileID: 0}
    - target: {fileID: 182613473978945996, guid: e5d833b3b7c01094bb4740fa007d9748, type: 3}
      propertyPath: m_LocalEulerAnglesHint.y
      value: 0
      objectReference: {fileID: 0}
    - target: {fileID: 182613473978945996, guid: e5d833b3b7c01094bb4740fa007d9748, type: 3}
      propertyPath: m_LocalEulerAnglesHint.z
      value: 0
      objectReference: {fileID: 0}
    m_RemovedComponents: []
  m_SourcePrefab: {fileID: 100100000, guid: e5d833b3b7c01094bb4740fa007d9748, type: 3}
--- !u!224 &4291613139144554791 stripped
RectTransform:
  m_CorrespondingSourceObject: {fileID: 182613473978945996, guid: e5d833b3b7c01094bb4740fa007d9748, type: 3}
  m_PrefabInstance: {fileID: 4109000938074351851}
  m_PrefabAsset: {fileID: 0}
--- !u!1001 &4109000938306549801
PrefabInstance:
  m_ObjectHideFlags: 0
  serializedVersion: 2
  m_Modification:
    m_TransformParent: {fileID: 4109000939091749512}
    m_Modifications:
    - target: {fileID: 6145463837067691170, guid: 41caac3dd51b85b45bfd0dc401ea0d66, type: 3}
      propertyPath: m_Name
      value: Limit20
      objectReference: {fileID: 0}
    - target: {fileID: 7631256556160307450, guid: 41caac3dd51b85b45bfd0dc401ea0d66, type: 3}
      propertyPath: m_Pivot.x
      value: 0.5
      objectReference: {fileID: 0}
    - target: {fileID: 7631256556160307450, guid: 41caac3dd51b85b45bfd0dc401ea0d66, type: 3}
      propertyPath: m_Pivot.y
      value: 0.5
      objectReference: {fileID: 0}
    - target: {fileID: 7631256556160307450, guid: 41caac3dd51b85b45bfd0dc401ea0d66, type: 3}
      propertyPath: m_RootOrder
      value: 0
      objectReference: {fileID: 0}
    - target: {fileID: 7631256556160307450, guid: 41caac3dd51b85b45bfd0dc401ea0d66, type: 3}
      propertyPath: m_AnchorMax.x
      value: 0
      objectReference: {fileID: 0}
    - target: {fileID: 7631256556160307450, guid: 41caac3dd51b85b45bfd0dc401ea0d66, type: 3}
      propertyPath: m_AnchorMax.y
      value: 1
      objectReference: {fileID: 0}
    - target: {fileID: 7631256556160307450, guid: 41caac3dd51b85b45bfd0dc401ea0d66, type: 3}
      propertyPath: m_AnchorMin.x
      value: 0
      objectReference: {fileID: 0}
    - target: {fileID: 7631256556160307450, guid: 41caac3dd51b85b45bfd0dc401ea0d66, type: 3}
      propertyPath: m_AnchorMin.y
      value: 1
      objectReference: {fileID: 0}
    - target: {fileID: 7631256556160307450, guid: 41caac3dd51b85b45bfd0dc401ea0d66, type: 3}
      propertyPath: m_SizeDelta.x
      value: 26.4935
      objectReference: {fileID: 0}
    - target: {fileID: 7631256556160307450, guid: 41caac3dd51b85b45bfd0dc401ea0d66, type: 3}
      propertyPath: m_SizeDelta.y
      value: 38.7212
      objectReference: {fileID: 0}
    - target: {fileID: 7631256556160307450, guid: 41caac3dd51b85b45bfd0dc401ea0d66, type: 3}
      propertyPath: m_LocalPosition.x
      value: 0
      objectReference: {fileID: 0}
    - target: {fileID: 7631256556160307450, guid: 41caac3dd51b85b45bfd0dc401ea0d66, type: 3}
      propertyPath: m_LocalPosition.y
      value: 0
      objectReference: {fileID: 0}
    - target: {fileID: 7631256556160307450, guid: 41caac3dd51b85b45bfd0dc401ea0d66, type: 3}
      propertyPath: m_LocalPosition.z
      value: 0
      objectReference: {fileID: 0}
    - target: {fileID: 7631256556160307450, guid: 41caac3dd51b85b45bfd0dc401ea0d66, type: 3}
      propertyPath: m_LocalRotation.w
      value: 1
      objectReference: {fileID: 0}
    - target: {fileID: 7631256556160307450, guid: 41caac3dd51b85b45bfd0dc401ea0d66, type: 3}
      propertyPath: m_LocalRotation.x
      value: -0
      objectReference: {fileID: 0}
    - target: {fileID: 7631256556160307450, guid: 41caac3dd51b85b45bfd0dc401ea0d66, type: 3}
      propertyPath: m_LocalRotation.y
      value: -0
      objectReference: {fileID: 0}
    - target: {fileID: 7631256556160307450, guid: 41caac3dd51b85b45bfd0dc401ea0d66, type: 3}
      propertyPath: m_LocalRotation.z
      value: -0
      objectReference: {fileID: 0}
    - target: {fileID: 7631256556160307450, guid: 41caac3dd51b85b45bfd0dc401ea0d66, type: 3}
      propertyPath: m_AnchoredPosition.x
      value: -637.7001
      objectReference: {fileID: 0}
    - target: {fileID: 7631256556160307450, guid: 41caac3dd51b85b45bfd0dc401ea0d66, type: 3}
      propertyPath: m_AnchoredPosition.y
      value: 366.7
      objectReference: {fileID: 0}
    - target: {fileID: 7631256556160307450, guid: 41caac3dd51b85b45bfd0dc401ea0d66, type: 3}
      propertyPath: m_LocalEulerAnglesHint.x
      value: 0
      objectReference: {fileID: 0}
    - target: {fileID: 7631256556160307450, guid: 41caac3dd51b85b45bfd0dc401ea0d66, type: 3}
      propertyPath: m_LocalEulerAnglesHint.y
      value: 0
      objectReference: {fileID: 0}
    - target: {fileID: 7631256556160307450, guid: 41caac3dd51b85b45bfd0dc401ea0d66, type: 3}
      propertyPath: m_LocalEulerAnglesHint.z
      value: 0
      objectReference: {fileID: 0}
    m_RemovedComponents: []
  m_SourcePrefab: {fileID: 100100000, guid: 41caac3dd51b85b45bfd0dc401ea0d66, type: 3}
--- !u!224 &5828135049598101715 stripped
RectTransform:
  m_CorrespondingSourceObject: {fileID: 7631256556160307450, guid: 41caac3dd51b85b45bfd0dc401ea0d66, type: 3}
  m_PrefabInstance: {fileID: 4109000938306549801}
  m_PrefabAsset: {fileID: 0}
--- !u!1001 &4109000938347354477
PrefabInstance:
  m_ObjectHideFlags: 0
  serializedVersion: 2
  m_Modification:
    m_TransformParent: {fileID: 4109000939091749512}
    m_Modifications:
    - target: {fileID: 2755229668310704570, guid: cdd81d3b9f4944e448e24715d10ebd31, type: 3}
      propertyPath: m_Pivot.x
      value: 0.5
      objectReference: {fileID: 0}
    - target: {fileID: 2755229668310704570, guid: cdd81d3b9f4944e448e24715d10ebd31, type: 3}
      propertyPath: m_Pivot.y
      value: 0.5
      objectReference: {fileID: 0}
    - target: {fileID: 2755229668310704570, guid: cdd81d3b9f4944e448e24715d10ebd31, type: 3}
      propertyPath: m_RootOrder
      value: 2
      objectReference: {fileID: 0}
    - target: {fileID: 2755229668310704570, guid: cdd81d3b9f4944e448e24715d10ebd31, type: 3}
      propertyPath: m_AnchorMax.x
      value: 0
      objectReference: {fileID: 0}
    - target: {fileID: 2755229668310704570, guid: cdd81d3b9f4944e448e24715d10ebd31, type: 3}
      propertyPath: m_AnchorMax.y
      value: 1
      objectReference: {fileID: 0}
    - target: {fileID: 2755229668310704570, guid: cdd81d3b9f4944e448e24715d10ebd31, type: 3}
      propertyPath: m_AnchorMin.x
      value: 0
      objectReference: {fileID: 0}
    - target: {fileID: 2755229668310704570, guid: cdd81d3b9f4944e448e24715d10ebd31, type: 3}
      propertyPath: m_AnchorMin.y
      value: 1
      objectReference: {fileID: 0}
    - target: {fileID: 2755229668310704570, guid: cdd81d3b9f4944e448e24715d10ebd31, type: 3}
      propertyPath: m_SizeDelta.x
      value: 24.6484
      objectReference: {fileID: 0}
    - target: {fileID: 2755229668310704570, guid: cdd81d3b9f4944e448e24715d10ebd31, type: 3}
      propertyPath: m_SizeDelta.y
      value: 36.0246
      objectReference: {fileID: 0}
    - target: {fileID: 2755229668310704570, guid: cdd81d3b9f4944e448e24715d10ebd31, type: 3}
      propertyPath: m_LocalPosition.x
      value: 0
      objectReference: {fileID: 0}
    - target: {fileID: 2755229668310704570, guid: cdd81d3b9f4944e448e24715d10ebd31, type: 3}
      propertyPath: m_LocalPosition.y
      value: 0
      objectReference: {fileID: 0}
    - target: {fileID: 2755229668310704570, guid: cdd81d3b9f4944e448e24715d10ebd31, type: 3}
      propertyPath: m_LocalPosition.z
      value: 0
      objectReference: {fileID: 0}
    - target: {fileID: 2755229668310704570, guid: cdd81d3b9f4944e448e24715d10ebd31, type: 3}
      propertyPath: m_LocalRotation.w
      value: 1
      objectReference: {fileID: 0}
    - target: {fileID: 2755229668310704570, guid: cdd81d3b9f4944e448e24715d10ebd31, type: 3}
      propertyPath: m_LocalRotation.x
      value: -0
      objectReference: {fileID: 0}
    - target: {fileID: 2755229668310704570, guid: cdd81d3b9f4944e448e24715d10ebd31, type: 3}
      propertyPath: m_LocalRotation.y
      value: -0
      objectReference: {fileID: 0}
    - target: {fileID: 2755229668310704570, guid: cdd81d3b9f4944e448e24715d10ebd31, type: 3}
      propertyPath: m_LocalRotation.z
      value: -0
      objectReference: {fileID: 0}
    - target: {fileID: 2755229668310704570, guid: cdd81d3b9f4944e448e24715d10ebd31, type: 3}
      propertyPath: m_AnchoredPosition.x
      value: -636.6
      objectReference: {fileID: 0}
    - target: {fileID: 2755229668310704570, guid: cdd81d3b9f4944e448e24715d10ebd31, type: 3}
      propertyPath: m_AnchoredPosition.y
      value: 364.7
      objectReference: {fileID: 0}
    - target: {fileID: 2755229668310704570, guid: cdd81d3b9f4944e448e24715d10ebd31, type: 3}
      propertyPath: m_LocalEulerAnglesHint.x
      value: 0
      objectReference: {fileID: 0}
    - target: {fileID: 2755229668310704570, guid: cdd81d3b9f4944e448e24715d10ebd31, type: 3}
      propertyPath: m_LocalEulerAnglesHint.y
      value: 0
      objectReference: {fileID: 0}
    - target: {fileID: 2755229668310704570, guid: cdd81d3b9f4944e448e24715d10ebd31, type: 3}
      propertyPath: m_LocalEulerAnglesHint.z
      value: 0
      objectReference: {fileID: 0}
    - target: {fileID: 4688167188372218157, guid: cdd81d3b9f4944e448e24715d10ebd31, type: 3}
      propertyPath: m_Name
      value: Limit22
      objectReference: {fileID: 0}
    - target: {fileID: 4688167188372218157, guid: cdd81d3b9f4944e448e24715d10ebd31, type: 3}
      propertyPath: m_IsActive
      value: 1
      objectReference: {fileID: 0}
    m_RemovedComponents: []
  m_SourcePrefab: {fileID: 100100000, guid: cdd81d3b9f4944e448e24715d10ebd31, type: 3}
--- !u!224 &2250269689336182999 stripped
RectTransform:
  m_CorrespondingSourceObject: {fileID: 2755229668310704570, guid: cdd81d3b9f4944e448e24715d10ebd31, type: 3}
  m_PrefabInstance: {fileID: 4109000938347354477}
  m_PrefabAsset: {fileID: 0}
--- !u!1001 &4109000938419550884
PrefabInstance:
  m_ObjectHideFlags: 0
  serializedVersion: 2
  m_Modification:
    m_TransformParent: {fileID: 4109000939091749512}
    m_Modifications:
    - target: {fileID: 791290334808688808, guid: 5d23c14f53b4c214b85c59789b55aba1, type: 3}
      propertyPath: m_Name
      value: Limit21
      objectReference: {fileID: 0}
    - target: {fileID: 791290334808688808, guid: 5d23c14f53b4c214b85c59789b55aba1, type: 3}
      propertyPath: m_IsActive
      value: 1
      objectReference: {fileID: 0}
    - target: {fileID: 8744789980390911095, guid: 5d23c14f53b4c214b85c59789b55aba1, type: 3}
      propertyPath: m_Pivot.x
      value: 0.5
      objectReference: {fileID: 0}
    - target: {fileID: 8744789980390911095, guid: 5d23c14f53b4c214b85c59789b55aba1, type: 3}
      propertyPath: m_Pivot.y
      value: 0.5
      objectReference: {fileID: 0}
    - target: {fileID: 8744789980390911095, guid: 5d23c14f53b4c214b85c59789b55aba1, type: 3}
      propertyPath: m_RootOrder
      value: 1
      objectReference: {fileID: 0}
    - target: {fileID: 8744789980390911095, guid: 5d23c14f53b4c214b85c59789b55aba1, type: 3}
      propertyPath: m_AnchorMax.x
      value: 0
      objectReference: {fileID: 0}
    - target: {fileID: 8744789980390911095, guid: 5d23c14f53b4c214b85c59789b55aba1, type: 3}
      propertyPath: m_AnchorMax.y
      value: 1
      objectReference: {fileID: 0}
    - target: {fileID: 8744789980390911095, guid: 5d23c14f53b4c214b85c59789b55aba1, type: 3}
      propertyPath: m_AnchorMin.x
      value: 0
      objectReference: {fileID: 0}
    - target: {fileID: 8744789980390911095, guid: 5d23c14f53b4c214b85c59789b55aba1, type: 3}
      propertyPath: m_AnchorMin.y
      value: 1
      objectReference: {fileID: 0}
    - target: {fileID: 8744789980390911095, guid: 5d23c14f53b4c214b85c59789b55aba1, type: 3}
      propertyPath: m_SizeDelta.x
      value: 24.6484
      objectReference: {fileID: 0}
    - target: {fileID: 8744789980390911095, guid: 5d23c14f53b4c214b85c59789b55aba1, type: 3}
      propertyPath: m_SizeDelta.y
      value: 36.0246
      objectReference: {fileID: 0}
    - target: {fileID: 8744789980390911095, guid: 5d23c14f53b4c214b85c59789b55aba1, type: 3}
      propertyPath: m_LocalPosition.x
      value: 0
      objectReference: {fileID: 0}
    - target: {fileID: 8744789980390911095, guid: 5d23c14f53b4c214b85c59789b55aba1, type: 3}
      propertyPath: m_LocalPosition.y
      value: 0
      objectReference: {fileID: 0}
    - target: {fileID: 8744789980390911095, guid: 5d23c14f53b4c214b85c59789b55aba1, type: 3}
      propertyPath: m_LocalPosition.z
      value: 0
      objectReference: {fileID: 0}
    - target: {fileID: 8744789980390911095, guid: 5d23c14f53b4c214b85c59789b55aba1, type: 3}
      propertyPath: m_LocalRotation.w
      value: 1
      objectReference: {fileID: 0}
    - target: {fileID: 8744789980390911095, guid: 5d23c14f53b4c214b85c59789b55aba1, type: 3}
      propertyPath: m_LocalRotation.x
      value: -0
      objectReference: {fileID: 0}
    - target: {fileID: 8744789980390911095, guid: 5d23c14f53b4c214b85c59789b55aba1, type: 3}
      propertyPath: m_LocalRotation.y
      value: -0
      objectReference: {fileID: 0}
    - target: {fileID: 8744789980390911095, guid: 5d23c14f53b4c214b85c59789b55aba1, type: 3}
      propertyPath: m_LocalRotation.z
      value: -0
      objectReference: {fileID: 0}
    - target: {fileID: 8744789980390911095, guid: 5d23c14f53b4c214b85c59789b55aba1, type: 3}
      propertyPath: m_AnchoredPosition.x
      value: -636.6
      objectReference: {fileID: 0}
    - target: {fileID: 8744789980390911095, guid: 5d23c14f53b4c214b85c59789b55aba1, type: 3}
      propertyPath: m_AnchoredPosition.y
      value: 364.7
      objectReference: {fileID: 0}
    - target: {fileID: 8744789980390911095, guid: 5d23c14f53b4c214b85c59789b55aba1, type: 3}
      propertyPath: m_LocalEulerAnglesHint.x
      value: 0
      objectReference: {fileID: 0}
    - target: {fileID: 8744789980390911095, guid: 5d23c14f53b4c214b85c59789b55aba1, type: 3}
      propertyPath: m_LocalEulerAnglesHint.y
      value: 0
      objectReference: {fileID: 0}
    - target: {fileID: 8744789980390911095, guid: 5d23c14f53b4c214b85c59789b55aba1, type: 3}
      propertyPath: m_LocalEulerAnglesHint.z
      value: 0
      objectReference: {fileID: 0}
    m_RemovedComponents: []
  m_SourcePrefab: {fileID: 100100000, guid: 5d23c14f53b4c214b85c59789b55aba1, type: 3}
--- !u!224 &4638046476921345747 stripped
RectTransform:
  m_CorrespondingSourceObject: {fileID: 8744789980390911095, guid: 5d23c14f53b4c214b85c59789b55aba1, type: 3}
  m_PrefabInstance: {fileID: 4109000938419550884}
  m_PrefabAsset: {fileID: 0}
--- !u!1001 &4109000938832059985
PrefabInstance:
  m_ObjectHideFlags: 0
  serializedVersion: 2
  m_Modification:
    m_TransformParent: {fileID: 4109000939091749512}
    m_Modifications:
    - target: {fileID: 852684382730653960, guid: 4c0e766673c791b47a122e4366a25c07, type: 3}
      propertyPath: m_Pivot.x
      value: 0.5
      objectReference: {fileID: 0}
    - target: {fileID: 852684382730653960, guid: 4c0e766673c791b47a122e4366a25c07, type: 3}
      propertyPath: m_Pivot.y
      value: 0.5
      objectReference: {fileID: 0}
    - target: {fileID: 852684382730653960, guid: 4c0e766673c791b47a122e4366a25c07, type: 3}
      propertyPath: m_RootOrder
      value: 5
      objectReference: {fileID: 0}
    - target: {fileID: 852684382730653960, guid: 4c0e766673c791b47a122e4366a25c07, type: 3}
      propertyPath: m_AnchorMax.x
      value: 0
      objectReference: {fileID: 0}
    - target: {fileID: 852684382730653960, guid: 4c0e766673c791b47a122e4366a25c07, type: 3}
      propertyPath: m_AnchorMax.y
      value: 1
      objectReference: {fileID: 0}
    - target: {fileID: 852684382730653960, guid: 4c0e766673c791b47a122e4366a25c07, type: 3}
      propertyPath: m_AnchorMin.x
      value: 0
      objectReference: {fileID: 0}
    - target: {fileID: 852684382730653960, guid: 4c0e766673c791b47a122e4366a25c07, type: 3}
      propertyPath: m_AnchorMin.y
      value: 1
      objectReference: {fileID: 0}
    - target: {fileID: 852684382730653960, guid: 4c0e766673c791b47a122e4366a25c07, type: 3}
      propertyPath: m_SizeDelta.x
      value: 24.6484
      objectReference: {fileID: 0}
    - target: {fileID: 852684382730653960, guid: 4c0e766673c791b47a122e4366a25c07, type: 3}
      propertyPath: m_SizeDelta.y
      value: 36.0246
      objectReference: {fileID: 0}
    - target: {fileID: 852684382730653960, guid: 4c0e766673c791b47a122e4366a25c07, type: 3}
      propertyPath: m_LocalPosition.x
      value: 0
      objectReference: {fileID: 0}
    - target: {fileID: 852684382730653960, guid: 4c0e766673c791b47a122e4366a25c07, type: 3}
      propertyPath: m_LocalPosition.y
      value: 0
      objectReference: {fileID: 0}
    - target: {fileID: 852684382730653960, guid: 4c0e766673c791b47a122e4366a25c07, type: 3}
      propertyPath: m_LocalPosition.z
      value: 0
      objectReference: {fileID: 0}
    - target: {fileID: 852684382730653960, guid: 4c0e766673c791b47a122e4366a25c07, type: 3}
      propertyPath: m_LocalRotation.w
      value: 1
      objectReference: {fileID: 0}
    - target: {fileID: 852684382730653960, guid: 4c0e766673c791b47a122e4366a25c07, type: 3}
      propertyPath: m_LocalRotation.x
      value: -0
      objectReference: {fileID: 0}
    - target: {fileID: 852684382730653960, guid: 4c0e766673c791b47a122e4366a25c07, type: 3}
      propertyPath: m_LocalRotation.y
      value: -0
      objectReference: {fileID: 0}
    - target: {fileID: 852684382730653960, guid: 4c0e766673c791b47a122e4366a25c07, type: 3}
      propertyPath: m_LocalRotation.z
      value: -0
      objectReference: {fileID: 0}
    - target: {fileID: 852684382730653960, guid: 4c0e766673c791b47a122e4366a25c07, type: 3}
      propertyPath: m_AnchoredPosition.x
      value: -636.6
      objectReference: {fileID: 0}
    - target: {fileID: 852684382730653960, guid: 4c0e766673c791b47a122e4366a25c07, type: 3}
      propertyPath: m_AnchoredPosition.y
      value: 364.7
      objectReference: {fileID: 0}
    - target: {fileID: 852684382730653960, guid: 4c0e766673c791b47a122e4366a25c07, type: 3}
      propertyPath: m_LocalEulerAnglesHint.x
      value: 0
      objectReference: {fileID: 0}
    - target: {fileID: 852684382730653960, guid: 4c0e766673c791b47a122e4366a25c07, type: 3}
      propertyPath: m_LocalEulerAnglesHint.y
      value: 0
      objectReference: {fileID: 0}
    - target: {fileID: 852684382730653960, guid: 4c0e766673c791b47a122e4366a25c07, type: 3}
      propertyPath: m_LocalEulerAnglesHint.z
      value: 0
      objectReference: {fileID: 0}
    - target: {fileID: 4253860804973016599, guid: 4c0e766673c791b47a122e4366a25c07, type: 3}
      propertyPath: m_Name
      value: Limit25
      objectReference: {fileID: 0}
    - target: {fileID: 4253860804973016599, guid: 4c0e766673c791b47a122e4366a25c07, type: 3}
      propertyPath: m_IsActive
      value: 1
      objectReference: {fileID: 0}
    m_RemovedComponents: []
  m_SourcePrefab: {fileID: 100100000, guid: 4c0e766673c791b47a122e4366a25c07, type: 3}
--- !u!224 &3662356103917457241 stripped
RectTransform:
  m_CorrespondingSourceObject: {fileID: 852684382730653960, guid: 4c0e766673c791b47a122e4366a25c07, type: 3}
  m_PrefabInstance: {fileID: 4109000938832059985}
  m_PrefabAsset: {fileID: 0}
--- !u!1001 &4109000939418894025
PrefabInstance:
  m_ObjectHideFlags: 0
  serializedVersion: 2
  m_Modification:
    m_TransformParent: {fileID: 4109000939091749512}
    m_Modifications:
    - target: {fileID: 4385579084407171496, guid: 8ee3965775ed48245bec25499b1859ae, type: 3}
      propertyPath: m_Pivot.x
      value: 0.5
      objectReference: {fileID: 0}
    - target: {fileID: 4385579084407171496, guid: 8ee3965775ed48245bec25499b1859ae, type: 3}
      propertyPath: m_Pivot.y
      value: 0.5
      objectReference: {fileID: 0}
    - target: {fileID: 4385579084407171496, guid: 8ee3965775ed48245bec25499b1859ae, type: 3}
      propertyPath: m_RootOrder
      value: 3
      objectReference: {fileID: 0}
    - target: {fileID: 4385579084407171496, guid: 8ee3965775ed48245bec25499b1859ae, type: 3}
      propertyPath: m_AnchorMax.x
      value: 0
      objectReference: {fileID: 0}
    - target: {fileID: 4385579084407171496, guid: 8ee3965775ed48245bec25499b1859ae, type: 3}
      propertyPath: m_AnchorMax.y
      value: 1
      objectReference: {fileID: 0}
    - target: {fileID: 4385579084407171496, guid: 8ee3965775ed48245bec25499b1859ae, type: 3}
      propertyPath: m_AnchorMin.x
      value: 0
      objectReference: {fileID: 0}
    - target: {fileID: 4385579084407171496, guid: 8ee3965775ed48245bec25499b1859ae, type: 3}
      propertyPath: m_AnchorMin.y
      value: 1
      objectReference: {fileID: 0}
    - target: {fileID: 4385579084407171496, guid: 8ee3965775ed48245bec25499b1859ae, type: 3}
      propertyPath: m_SizeDelta.x
      value: 24.6484
      objectReference: {fileID: 0}
    - target: {fileID: 4385579084407171496, guid: 8ee3965775ed48245bec25499b1859ae, type: 3}
      propertyPath: m_SizeDelta.y
      value: 36.0246
      objectReference: {fileID: 0}
    - target: {fileID: 4385579084407171496, guid: 8ee3965775ed48245bec25499b1859ae, type: 3}
      propertyPath: m_LocalPosition.x
      value: 0
      objectReference: {fileID: 0}
    - target: {fileID: 4385579084407171496, guid: 8ee3965775ed48245bec25499b1859ae, type: 3}
      propertyPath: m_LocalPosition.y
      value: 0
      objectReference: {fileID: 0}
    - target: {fileID: 4385579084407171496, guid: 8ee3965775ed48245bec25499b1859ae, type: 3}
      propertyPath: m_LocalPosition.z
      value: 0
      objectReference: {fileID: 0}
    - target: {fileID: 4385579084407171496, guid: 8ee3965775ed48245bec25499b1859ae, type: 3}
      propertyPath: m_LocalRotation.w
      value: 1
      objectReference: {fileID: 0}
    - target: {fileID: 4385579084407171496, guid: 8ee3965775ed48245bec25499b1859ae, type: 3}
      propertyPath: m_LocalRotation.x
      value: -0
      objectReference: {fileID: 0}
    - target: {fileID: 4385579084407171496, guid: 8ee3965775ed48245bec25499b1859ae, type: 3}
      propertyPath: m_LocalRotation.y
      value: -0
      objectReference: {fileID: 0}
    - target: {fileID: 4385579084407171496, guid: 8ee3965775ed48245bec25499b1859ae, type: 3}
      propertyPath: m_LocalRotation.z
      value: -0
      objectReference: {fileID: 0}
    - target: {fileID: 4385579084407171496, guid: 8ee3965775ed48245bec25499b1859ae, type: 3}
      propertyPath: m_AnchoredPosition.x
      value: -636.6
      objectReference: {fileID: 0}
    - target: {fileID: 4385579084407171496, guid: 8ee3965775ed48245bec25499b1859ae, type: 3}
      propertyPath: m_AnchoredPosition.y
      value: 364.7
      objectReference: {fileID: 0}
    - target: {fileID: 4385579084407171496, guid: 8ee3965775ed48245bec25499b1859ae, type: 3}
      propertyPath: m_LocalEulerAnglesHint.x
      value: 0
      objectReference: {fileID: 0}
    - target: {fileID: 4385579084407171496, guid: 8ee3965775ed48245bec25499b1859ae, type: 3}
      propertyPath: m_LocalEulerAnglesHint.y
      value: 0
      objectReference: {fileID: 0}
    - target: {fileID: 4385579084407171496, guid: 8ee3965775ed48245bec25499b1859ae, type: 3}
      propertyPath: m_LocalEulerAnglesHint.z
      value: 0
      objectReference: {fileID: 0}
    - target: {fileID: 4823435730596523590, guid: 8ee3965775ed48245bec25499b1859ae, type: 3}
      propertyPath: m_Name
      value: Limit23
      objectReference: {fileID: 0}
    - target: {fileID: 4823435730596523590, guid: 8ee3965775ed48245bec25499b1859ae, type: 3}
      propertyPath: m_IsActive
      value: 1
      objectReference: {fileID: 0}
    m_RemovedComponents: []
  m_SourcePrefab: {fileID: 100100000, guid: 8ee3965775ed48245bec25499b1859ae, type: 3}
--- !u!224 &421841261708171105 stripped
RectTransform:
  m_CorrespondingSourceObject: {fileID: 4385579084407171496, guid: 8ee3965775ed48245bec25499b1859ae, type: 3}
  m_PrefabInstance: {fileID: 4109000939418894025}
  m_PrefabAsset: {fileID: 0}
